%! Author = julianramondo
%! Date = 09/11/2023

